@Article{ATL-PIX-2018-002,
  author    = "{ATLAS Collaboration}",
  title     = "{IBL Hit Spatial Resolution}",
  journal   = {ATL-PIX-2018-002},
  year      = {2018},
  url = "https://atlas.web.cern.ch/Atlas/GROUPS/PHYSICS/PLOTS/PIX-2018-002/"
}
@Article{ATL-PIX-2017-005,
  author    = "{ATLAS Collaboration}",
  title     = "{Radiation damage to the ATLAS pixel and Lorentz angle}",
  journal   = {ATL-PIX-2017-005},
  year      = {2017-2019},
  url = "https://atlas.web.cern.ch/Atlas/GROUPS/PHYSICS/PLOTS/PIX-2017-005/"
}
@Article{ATL-PIX-2018-011,
  author    = "{ATLAS Collaboration}",
  title     = "{dE/dX and cluster size trends in Run-2 data}",
  journal   = {ATL-PIX-2017-005},
  year      = {2018},
  url = "https://atlas.web.cern.ch/Atlas/GROUPS/PHYSICS/PLOTS/PIX-2018-011/"
}
@Article{ATL-INDET-PUB-2019-001,
      title         = "{Measurement of Radiation Damage through Leakage Current
                       Monitoring of the ATLAS Pixel Detector}",
      author = "{ATLAS Collaboration}",
      journal        = "ATL-INDET-PUB-2019-001",
      year          = "2019",
      url           = "https://cds.cern.ch/record/2699903",
}
@Article{ATL-SCT-2018-002,
      title         = "{Leakage current projections updates}",
      author = "{ATLAS Collaboration}",
      journal        = "ATL-SCT-2018-002",
      year          = "2019",
      url           = "https://atlas.web.cern.ch/Atlas/GROUPS/PHYSICS/PLOTS/SCT-2018-002/",
}
@Article{ATL-INDET-INT-2019-012,
      title         = "{Full Run 2 IBL Leakage Current Measurement}",
      author = "{ATLAS Collaboration}",
      journal        = "ATL-INDET-INT-2019-012",
      year          = "2019",
      url           = "https://cds.cern.ch/record/2693338",
}
@article{Aaboud:2019wgd,
      author         = "Aaboud, Morad and others",
      title          = "{Modelling radiation damage to pixel sensors in the ATLAS
                        detector}",
      collaboration  = "ATLAS",
      journal        = "JINST",
      volume         = "14",
      year           = "2019",
      number         = "06",
      pages          = "P06012",
      doi            = "10.1088/1748-0221/14/06/P06012",
      eprint         = "1905.03739",
      archivePrefix  = "arXiv",
      primaryClass   = "physics.ins-det",
      reportNumber   = "CERN-EP-2019-061",
      SLACcitation   = "%%CITATION = ARXIV:1905.03739;%%"
}
@Article{ATL-INDET-INT-2019-016,
      title         = "{Pixel Depletion Voltage and Fluence Summary Plot for RD50}",
      author = "{ATLAS Collaboration}",
      journal        = "ATL-INDET-INT-2019-016",
      year          = "2019",
      url           = "https://cds.cern.ch/record/2702061",
}
@article{AbellanBeteta:2018wif,
      author         = "Abellan Beteta, C. and others",
      title          = "{Monitoring radiation damage in the LHCb Tracker
                        Turicensis}",
      year           = "2018",
      eprint         = "1809.05063",
      archivePrefix  = "arXiv",
      primaryClass   = "physics.ins-det",
      reportNumber   = "CERN-LHCb-DP-2018-003",
      SLACcitation   = "%%CITATION = ARXIV:1809.05063;%%"
}
@article{Akiba:2633496,
      author        = "Akiba, K and others",
      title         = "{Radiation Damage Effects and Operation of the LHCb Vertex
                       Locator. Radiation Damage Effects and Operation of the LHCb
                       Vertex Locator}",
      journal       = "IEEE Trans. Nucl. Sci.",
      number        = "5",
      volume        = "65",
      pages         = "1127-1132. 6 p",
      year          = "2018",
      url           = "https://cds.cern.ch/record/2633496",
      note          = "This is an expanded version, including new results, of the
                       paper presented at the conference.",
      doi           = "10.1109/TNS.2018.2824618",
}


